@book{JohnHull,
  author =	 "John Hull",
  title =	 "Options Futures and Other Derivatives",
  publisher =	 "Pearson Education",
  year =	 "2006"
}

@Article{BS,
  title =	 {The pricing of options and corporate liabilities},
  author =	 {Fischer Black and Myron Scholes},
  journal =	 {Journal of political economy},
  number =	 3,
  volume =	 81,
  year =	 1973,
  month =	 may,
  pages =	 {637--654},
}

@Article{lattice1,
  title =	 {Simulation and Numerical Methods in Real Options Valuation},
  author =	 {Gonzalo Cortazar},
  journal =	 {EFMA 2000 Athens},
  year =	 2000,
  month =	 dec
}

@Article{lattice2,
  title =	 {Valuation by approximation: a comparison of alternative option valuation techniques},
  author =	 {Robert Geske and Kuldeep Shastri},
  journal =	 {Journal of Financial and Quantitative Analysis},
  number =	 1,
  volume =	 20,
  year =	 1985,
  pages= {45-71},
}

@book{FDM1,
  title={Pricing financial instruments: The finite difference method},
  author={Tavella, Domingo and Randall, Curt},
  volume={13},
  year={2000},
  publisher={John Wiley \& Sons}
}

@article{longstaff2001valuing,
  title={Valuing American options by simulation: a simple least-squares approach},
  author={Longstaff, Francis A and Schwartz, Eduardo S},
  journal={Review of Financial studies},
  volume={14},
  number={1},
  pages={113--147},
  year={2001},
  publisher={Soc Financial Studies}
}

@article{monteC1,
  title={Monte Carlo valuation of American options},
  author={Rogers, Leonard CG},
  journal={Mathematical Finance},
  volume={12},
  number={3},
  pages={271--286},
  year={2002},
  publisher={Wiley Online Library}
}

@article{FEM1,
  title={Real options pricing by the finite element method},
  author={Andalaft-Chacur, A and Ali, M Montaz and Salazar, J Gonz{\'a}lez},
  journal={Computers \& Mathematics with Applications},
  volume={61},
  number={9},
  pages={2863--2873},
  year={2011},
  publisher={Elsevier}
}

@article{FEM2,
  title={Superconvergence of the finite element solutions of the Black--Scholes equation},
  author={Golbabai, A and Ballestra, LV and Ahmadian, D},
  journal={Finance Research Letters},
  volume={10},
  number={1},
  pages={17--26},
  year={2013},
  publisher={Elsevier}
}

@book{patankar1980numerical,
  title={Numerical Heat Transfer and Fluid Flow},
  author={Patankar, SV},
  year={1980},
  publisher={McGraw Hill}
}

@book{leveque2002FVM,
  title={Finite volume methods for hyperbolic problems},
  author={LeVeque, Randall J},
  volume={31},
  year={2002},
  publisher={Cambridge university press}
}

@book{versteeg2007FVM,
  title={An introduction to computational fluid dynamics: the finite volume method},
  author={Versteeg, Henk Kaarle and Malalasekera, Weeratunge},
  year={2007},
  publisher={Pearson Education}
}

@article{wang2004FVM,
  title={A novel fitted finite volume method for the Black--Scholes equation governing option pricing},
  author={Wang, Song},
  journal={IMA Journal of Numerical Analysis},
  volume={24},
  number={4},
  pages={699--720},
  year={2004},
  publisher={Oxford University Press}
}